@book{goldreichcomplexity,
  title={Computational complexity: a conceptual perspective},
  author={Goldreich, Oded},
  year={2008},
  publisher={Cambridge University Press},
  url={http://www.wisdom.weizmann.ac.il/~oded/cc-book.html}
}

@inproceedings{BDFKK18,
  author       = {Chris Brzuska and
                  Antoine Delignat{-}Lavaud and
                  C{\'{e}}dric Fournet and
                  Konrad Kohbrok and
                  Markulf Kohlweiss},
  editor       = {Thomas Peyrin and
                  Steven D. Galbraith},
  title        = {State Separation for Code-Based Game-Playing Proofs},
  booktitle    = {Advances in Cryptology - {ASIACRYPT} 2018 - 24th International Conference
                  on the Theory and Application of Cryptology and Information Security,
                  Brisbane, QLD, Australia, December 2-6, 2018, Proceedings, Part {III}},
  series       = {Lecture Notes in Computer Science},
  volume       = {11274},
  pages        = {222--249},
  publisher    = {Springer},
  year         = {2018},
}

@inproceedings{Maurer10,
    author       = {Ueli Maurer},
    title        = {Constructive Cryptography -- A Primer},
    editor       = {R. Sion},
    booktitle    = {Financial Cryptography 2010},
    pages        = {1},
    series       = {Lecture Notes in Computer Science},
    volume       = {6052},
    year         = {2010},
    month        = {1},
    publisher    = {Springer-Verlag},
}

@article{Canetti20,
  author       = {Ran Canetti},
  title        = {Universally Composable Security},
  journal      = {J. {ACM}},
  volume       = {67},
  number       = {5},
  pages        = {28:1--28:94},
  year         = {2020},
  url          = {https://doi.org/10.1145/3402457},
}



@inproceedings{BCJSW25,
  author       = {Chris Brzuska and
                  Cas Cremers and
                  H{\aa}kon Jacobsen and
                  Douglas Stebila and
                  Bogdan Warinschi},
  editor       = {Colin Boyd and
                  Reihaneh Safavi{-}Naini and
                  Leonie Simpson},
  title        = {Falsifiability, Composability, and Comparability of Game-Based Security
                  Models for Key Exchange Protocols},
  booktitle    = {Information Security in a Connected World - Celebrating the Life and
                  Work of Ed Dawson},
  series       = {Lecture Notes in Computer Science},
  volume       = {15600},
  pages        = {214--255},
  publisher    = {Springer},
  year         = {2025},
}



@inproceedings{RZ18,
  author       = {Phillip Rogaway and
                  Yusi Zhang},
  editor       = {Hovav Shacham and
                  Alexandra Boldyreva},
  title        = {Simplifying Game-Based Definitions - Indistinguishability up to Correctness
                  and Its Application to Stateful {AE}},
  booktitle    = {Advances in Cryptology - {CRYPTO} 2018 - 38th Annual International
                  Cryptology Conference, Santa Barbara, CA, USA, August 19-23, 2018,
                  Proceedings, Part {II}},
  series       = {Lecture Notes in Computer Science},
  volume       = {10992},
  pages        = {3--32},
  publisher    = {Springer},
  year         = {2018},
}

@article{Shoup04,
  author       = {Victor Shoup},
  title        = {Sequences of games: a tool for taming complexity in security proofs},
  journal      = {{IACR} Cryptol. ePrint Arch.},
  pages        = {332},
  year         = {2004},
  url          = {http://eprint.iacr.org/2004/332},
}




